
@inproceedings{Zimmermann:2008:PDU,
 author = {Zimmermann, Thomas and Nagappan, Nachiappan},
 title = {Predicting defects using network analysis on dependency graphs},
 booktitle = {Proceedings of the 30th international conference on Software engineering},
 series = {ICSE '08},
 year = {2008},
 isbn = {978-1-60558-079-1},
 location = {Leipzig, Germany},
 pages = {531--540},
 numpages = {10},
 url = {http://doi.acm.org/10.1145/1368088.1368161},
 doi = {10.1145/1368088.1368161},
 acmid = {1368161},
 publisher = {ACM},
 address = {New York, NY, USA},
 keywords = {defect prediction, dependency graph, network analysis, windows server 2003},
} 

@inproceedings{Pinzger:2008:DNP,
 author = {Pinzger, Martin and Nagappan, Nachiappan and Murphy, Brendan},
 title = {Can developer-module networks predict failures?},
 booktitle = {Proceedings of the 16th ACM SIGSOFT International Symposium on Foundations of software engineering},
 series = {SIGSOFT '08/FSE-16},
 year = {2008},
 isbn = {978-1-59593-995-1},
 location = {Atlanta, Georgia},
 pages = {2--12},
 numpages = {11},
 url = {http://doi.acm.org/10.1145/1453101.1453105},
 doi = {10.1145/1453101.1453105},
 acmid = {1453105},
 publisher = {ACM},
 address = {New York, NY, USA},
 keywords = {developer contribution network, failure prediction, network centrality measures, social network analysis},
} 

@inproceedings{Bodden:2003:HVJ,
 author = {Bodden, Eric},
 title = {A high-level view of Java applications},
 booktitle = {Companion of the 18th annual ACM SIGPLAN conference on Object-oriented programming, systems, languages, and applications},
 series = {OOPSLA '03},
 year = {2003},
 isbn = {1-58113-751-6},
 location = {Anaheim, CA, USA},
 pages = {384--385},
 numpages = {2},
 url = {http://doi.acm.org/10.1145/949344.949447},
 doi = {10.1145/949344.949447},
 acmid = {949447},
 publisher = {ACM},
 address = {New York, NY, USA},
 keywords = {Java, call graph visualization, static analysis},
} 

@inproceedings{Acharya:2011:PCI,
 author = {Acharya, Mithun and Robinson, Brian},
 title = {Practical change impact analysis based on static program slicing for industrial software systems},
 booktitle = {Proceedings of the 33rd International Conference on Software Engineering},
 series = {ICSE '11},
 year = {2011},
 isbn = {978-1-4503-0445-0},
 location = {Waikiki, Honolulu, HI, USA},
 pages = {746--755},
 numpages = {10},
 url = {http://doi.acm.org/10.1145/1985793.1985898},
 doi = {10.1145/1985793.1985898},
 acmid = {1985898},
 publisher = {ACM},
 address = {New York, NY, USA},
 keywords = {change impact analysis, empirical study, static program slicing},
} 

@inproceedings{Kim:2006:AIB,
 author = {Kim, Sunghun and Zimmermann, Thomas and Pan, Kai and Whitehead, E. James Jr.},
 title = {Automatic Identification of Bug-Introducing Changes},
 booktitle = {Proceedings of the 21st IEEE/ACM International Conference on Automated Software Engineering},
 series = {ASE '06},
 year = {2006},
 isbn = {0-7695-2579-2},
 pages = {81--90},
 numpages = {10},
 url = {http://dx.doi.org/10.1109/ASE.2006.23},
 doi = {10.1109/ASE.2006.23},
 acmid = {1169308},
 publisher = {IEEE Computer Society},
 address = {Washington, DC, USA},
}

@inproceedings{Gutwin:1996:USA,
 author = {Gutwin, Carl and Roseman, Mark and Greenberg, Saul},
 title = {A usability study of awareness widgets in a shared workspace groupware system},
 booktitle = {Proceedings of the 1996 ACM conference on Computer supported cooperative work},
 series = {CSCW '96},
 year = {1996},
 isbn = {0-89791-765-0},
 location = {Boston, Massachusetts, United States},
 pages = {258--267},
 numpages = {10},
 url = {http://doi.acm.org/10.1145/240080.240298},
 doi = {10.1145/240080.240298},
 acmid = {240298},
 publisher = {ACM},
 address = {New York, NY, USA},
 keywords = {shared workspaces, usability study, workspace awareness},
} 

@inproceedings{Gutwin:1996:WAR,
 author = {Gutwin, Carl and Greenberg, Saul and Roseman, Mark},
 title = {Workspace Awareness in Real-Time Distributed Groupware: Framework, Widgets, and Evaluation},
 booktitle = {Proceedings of HCI on People and Computers XI},
 series = {HCI '96},
 year = {1996},
 isbn = {3-540-76069-5},
 pages = {281--298},
 numpages = {18},
 url = {http://dl.acm.org/citation.cfm?id=646683.702625},
 acmid = {702625},
 publisher = {Springer-Verlag},
 address = {London, UK, UK},
} 

@inproceedings{Biehl:2007:FVD,
 author = {Biehl, Jacob T. and Czerwinski, Mary and Smith, Greg and Robertson, George G.},
 title = {FASTDash: a visual dashboard for fostering awareness in software teams},
 booktitle = {Proceedings of the SIGCHI Conference on Human Factors in Computing Systems},
 series = {CHI '07},
 year = {2007},
 isbn = {978-1-59593-593-9},
 location = {San Jose, California, USA},
 pages = {1313--1322},
 numpages = {10},
 url = {http://doi.acm.org/10.1145/1240624.1240823},
 doi = {10.1145/1240624.1240823},
 acmid = {1240823},
 publisher = {ACM},
 address = {New York, NY, USA},
 keywords = {awareness, collaborative programming, field study, large display, visualization},
} 

@inproceedings{Neisser:1974:USE,
author = {Neisser},
booktitle = {U. Cognition and Reality},
year = {1974},
location = {Sanfransisco, California, USA},
}

@inproceedings{Neamtiu:2005:USC,
 author = {Neamtiu, Iulian and Foster, Jeffrey S. and Hicks, Michael},
 title = {Understanding source code evolution using abstract syntax tree matching},
 booktitle = {Proceedings of the 2005 international workshop on Mining software repositories},
 series = {MSR '05},
 year = {2005},
 isbn = {1-59593-123-6},
 location = {St. Louis, Missouri},
 pages = {1--5},
 numpages = {5},
 url = {http://doi.acm.org/10.1145/1082983.1083143},
 doi = {10.1145/1082983.1083143},
 acmid = {1083143},
 publisher = {ACM},
 address = {New York, NY, USA},
 keywords = {abstract syntax trees, software evolution, source code analysis},
} 

@inproceedings{Horwitz:1990:IST,
 author = {Horwitz, Susan},
 title = {Identifying the semantic and textual differences between two versions of a program},
 booktitle = {Proceedings of the ACM SIGPLAN 1990 conference on Programming language design and implementation},
 series = {PLDI '90},
 year = {1990},
 isbn = {0-89791-364-7},
 location = {White Plains, New York, United States},
 pages = {234--245},
 numpages = {12},
 url = {http://doi.acm.org/10.1145/93542.93574},
 doi = {10.1145/93542.93574},
 acmid = {93574},
 publisher = {ACM},
 address = {New York, NY, USA},
} 

@inproceedings{DAmbros:2006:ERV,
 author = {D'Ambros, Marco and Lanza, Michele and Lungu, Mircea},
 title = {The evolution radar: visualizing integrated logical coupling information},
 booktitle = {Proceedings of the 2006 international workshop on Mining software repositories},
 series = {MSR '06},
 year = {2006},
 isbn = {1-59593-397-2},
 location = {Shanghai, China},
 pages = {26--32},
 numpages = {7},
 url = {http://doi.acm.org/10.1145/1137983.1137992},
 doi = {10.1145/1137983.1137992},
 acmid = {1137992},
 publisher = {ACM},
 address = {New York, NY, USA},
 keywords = {evolution, logical coupling, visualization},
} 

@inproceedings{Beyer:2005:CSA,
 author = {Beyer, Dirk and Noack, Andreas},
 title = {Clustering Software Artifacts Based on Frequent Common Changes},
 booktitle = {Proceedings of the 13th International Workshop on Program Comprehension},
 series = {IWPC '05},
 year = {2005},
 isbn = {0-7695-2254-8},
 pages = {259--268},
 numpages = {10},
 url = {http://dx.doi.org/10.1109/WPC.2005.12},
 doi = {10.1109/WPC.2005.12},
 acmid = {1059363},
 publisher = {IEEE Computer Society},
 address = {Washington, DC, USA},
}

@article{Besnard:2005:ICC,
 author = {Besnard, Denis and Cacitti, Lucile},
 title = {Interface changes causing accidents: an empirical study of negative transfer},
 journal = {Int. J. Hum.-Comput. Stud.},
 issue_date = {January 2005},
 volume = {62},
 number = {1},
 month = jan,
 year = {2005},
 issn = {1071-5819},
 pages = {105--125},
 numpages = {21},
 url = {http://dx.doi.org/10.1016/j.ijhcs.2004.08.002},
 doi = {10.1016/j.ijhcs.2004.08.002},
 acmid = {1056166},
 publisher = {Academic Press, Inc.},
 address = {Duluth, MN, USA},
 keywords = {accident, human error, human-machine interaction, interface changes, negative transfer},
} 

@inproceedings{Bradner:2003:ETS,
 author = {Bradner, Erin and Mark, Gloria and Hertel, Tammie D.},
 title = {Effects of Team Size on Participation, Awareness, and Technology Choice in Geographically Distributed Teams},
 booktitle = {Proceedings of the 36th Annual Hawaii International Conference on System Sciences (HICSS'03) - Track 8 - Volume 8},
 series = {HICSS '03},
 year = {2003},
 isbn = {0-7695-1874-5},
 pages = {271.1--},
 url = {http://dl.acm.org/citation.cfm?id=820755.821737},
 acmid = {821737},
 publisher = {IEEE Computer Society},
 address = {Washington, DC, USA},
} 