@inproceedings{Pagano:2013:FAS,
 name = {User Feedback in the AppStore: An Empirical Study.},
 author = {Dennis Pagano and Walid Maalej},
 url = {http://mobis.informatik.uni-hamburg.de/wp-content/uploads/2013/07/RE2013PaganoMaalej.pdf},
 year = {2013},
 date = {2013-06-19},
 booktitle = {Proceedings of the 21st. IEEE International Requirements Engineering Conference},
 organization = {IEEE},
}

@inproceedings{Chandy:2012:ISI,
 author = {Chandy, Rishi and Gu, Haijie},
 title = {Identifying Spam in the iOS App Store},
 booktitle = {Proceedings of the 2Nd Joint WICOW/AIRWeb Workshop on Web Quality},
 series = {WebQuality '12},
 year = {2012},
 isbn = {978-1-4503-1237-0},
 location = {Lyon, France},
 pages = {56--59},
 numpages = {4},
 url = {http://doi.acm.org/10.1145/2184305.2184317},
 doi = {10.1145/2184305.2184317},
 acmid = {2184317},
 publisher = {ACM},
 address = {New York, NY, USA},
 keywords = {fraud detection, mobile apps, opinion spam, review spam},
} 

@inproceedings{Ko:2011:CSP,
 author = {Ko, Andrew J. and Lee, Michael J. and Ferrari, Valentina and Ip, Steven and Tran, Charlie},
 title = {A Case Study of Post-deployment User Feedback Triage},
 booktitle = {Proceedings of the 4th International Workshop on Cooperative and Human Aspects of Software Engineering},
 series = {CHASE '11},
 year = {2011},
 isbn = {978-1-4503-0576-1},
 location = {Waikiki, Honolulu, HI, USA},
 pages = {1--8},
 numpages = {8},
 url = {http://doi.acm.org/10.1145/1984642.1984644},
 doi = {10.1145/1984642.1984644},
 acmid = {1984644},
 publisher = {ACM},
 address = {New York, NY, USA},
 keywords = {bug reports, bug triage, software evolution, user feedback},
} 

@INPROCEEDINGS{Abney:1996:PST,
 author = {Steven Abney},
 title = {Part-of-Speech Tagging and Partial Parsing},
 booktitle = {Corpus-Based Methods in Language and Speech},
 year = {1996},
 pages = {118--136},
 publisher = {Kluwer Academic Publishers}
}

@INPROCEEDINGS{Abney:1996:PSC,
 author = {Steven Abney and Steven Abney},
 title = {Partial Parsing via Finite-State Cascades},
 booktitle = {},
 year = {1996},
 pages = {8--15}
}

@inproceedings{Hu:2004:MSC,
 author = {Hu, Minqing and Liu, Bing},
 title = {Mining and Summarizing Customer Reviews},
 booktitle = {Proceedings of the Tenth ACM SIGKDD International Conference on Knowledge Discovery and Data Mining},
 series = {KDD '04},
 year = {2004},
 isbn = {1-58113-888-1},
 location = {Seattle, WA, USA},
 pages = {168--177},
 numpages = {10},
 url = {http://doi.acm.org/10.1145/1014052.1014073},
 doi = {10.1145/1014052.1014073},
 acmid = {1014073},
 publisher = {ACM},
 address = {New York, NY, USA},
 keywords = {reviews, sentiment classification, summarization, text mining},
} 

@inproceedings{Dave:2003:MPG,
 author = {Dave, Kushal and Lawrence, Steve and Pennock, David M.},
 title = {Mining the Peanut Gallery: Opinion Extraction and Semantic Classification of Product Reviews},
 booktitle = {Proceedings of the 12th International Conference on World Wide Web},
 series = {WWW '03},
 year = {2003},
 isbn = {1-58113-680-3},
 location = {Budapest, Hungary},
 pages = {519--528},
 numpages = {10},
 url = {http://doi.acm.org/10.1145/775152.775226},
 doi = {10.1145/775152.775226},
 acmid = {775226},
 publisher = {ACM},
 address = {New York, NY, USA},
 keywords = {document classification, opinion mining},
} 

@article{Finkelstein:2013:MAS,
 title={Mining App Stores: Extracting Technical, Business and Customer Rating Information for Analysis and Prediction},
 author={Finkelstein, Anthony and Harman, Mark and Jia, Yue and Sarro, Federica and Zhang, Yuanyuan},
 journal={RN},
 volume={13},
 pages={21},
 year={2013}
}

@inproceedings{Elsas:2010:STF,
 author = {Elsas, Jonathan L. and Glance, Natalie},
 title = {Shopping for Top Forums: Discovering Online Discussion for Product Research},
 booktitle = {Proceedings of the First Workshop on Social Media Analytics},
 series = {SOMA '10},
 year = {2010},
 isbn = {978-1-4503-0217-3},
 location = {Washington D.C., District of Columbia},
 pages = {23--30},
 numpages = {8},
 url = {http://doi.acm.org/10.1145/1964858.1964862},
 doi = {10.1145/1964858.1964862},
 acmid = {1964862},
 publisher = {ACM},
 address = {New York, NY, USA},
 keywords = {message boards, online discussion forums, product search},
} 

@inproceedings{Lewis:2010:MGS,
 author = {Lewis, Chris and Wardrip-Fruin, Noah},
 title = {Mining Game Statistics from Web Services: A World of Warcraft Armory Case Study},
 booktitle = {Proceedings of the Fifth International Conference on the Foundations of Digital Games},
 series = {FDG '10},
 year = {2010},
 isbn = {978-1-60558-937-4},
 location = {Monterey, California},
 pages = {100--107},
 numpages = {8},
 url = {http://doi.acm.org/10.1145/1822348.1822362},
 doi = {10.1145/1822348.1822362},
 acmid = {1822362},
 publisher = {ACM},
 address = {New York, NY, USA},
 keywords = {World of Warcraft, data mining, video game, web service},
} 

@inproceedings{Glance:2005:DMI,
 author = {Glance, Natalie and Hurst, Matthew and Nigam, Kamal and Siegler, Matthew and Stockton, Robert and Tomokiyo, Takashi},
 title = {Deriving Marketing Intelligence from Online Discussion},
 booktitle = {Proceedings of the Eleventh ACM SIGKDD International Conference on Knowledge Discovery in Data Mining},
 series = {KDD '05},
 year = {2005},
 isbn = {1-59593-135-X},
 location = {Chicago, Illinois, USA},
 pages = {419--428},
 numpages = {10},
 url = {http://doi.acm.org/10.1145/1081870.1081919},
 doi = {10.1145/1081870.1081919},
 acmid = {1081919},
 publisher = {ACM},
 address = {New York, NY, USA},
 keywords = {computational linguistics, content systems, information retrieval, machine learning, text mining},
} 