@inproceedings{Dourish:1992:ACS,
 author = {Dourish, Paul and Bellotti, Victoria},
 title = {Awareness and coordination in shared workspaces},
 booktitle = {Proceedings of the 1992 ACM conference on Computer-supported cooperative work},
 series = {CSCW '92},
 year = {1992},
 isbn = {0-89791-542-9},
 location = {Toronto, Ontario, Canada},
 pages = {107--114},
 numpages = {8},
 doi = {10.1145/143457.143468},
 acmid = {143468},
 publisher = {ACM},
 address = {New York, NY, USA},
 keywords = {awareness, coordination, information sharing, shared feedback, shared workspaces},
} 

@inproceedings{Sarma:2007:TSA,
 author = {Sarma, Anita and Bortis, Gerald and van der Hoek, Andre},
 title = {Towards supporting awareness of indirect conflicts across software configuration management workspaces},
 booktitle = {Proceedings of the twenty-second IEEE/ACM international conference on Automated software engineering},
 series = {ASE '07},
 year = {2007},
 isbn = {978-1-59593-882-4},
 location = {Atlanta, Georgia, USA},
 pages = {94--103},
 numpages = {10},
 doi = {10.1145/1321631.1321647},
 acmid = {1321647},
 publisher = {ACM},
 address = {New York, NY, USA},
 keywords = {awareness, configuration managment, direct conflicts, indirect conflicts, software configuration management},
} 

@inproceedings{Biehl:2007:FVD,
 author = {Biehl, Jacob T. and Czerwinski, Mary and Smith, Greg and Robertson, George G.},
 title = {FASTDash: a visual dashboard for fostering awareness in software teams},
 booktitle = {Proceedings of the SIGCHI Conference on Human Factors in Computing Systems},
 series = {CHI '07},
 year = {2007},
 isbn = {978-1-59593-593-9},
 location = {San Jose, California, USA},
 pages = {1313--1322},
 numpages = {10},
 doi = {10.1145/1240624.1240823},
 acmid = {1240823},
 publisher = {ACM},
 address = {New York, NY, USA},
 keywords = {awareness, collaborative programming, field study, large display, visualization},
} 

@inproceedings{Sarma:2009:TIV,
 author = {Sarma, Anita and Maccherone, Larry and Wagstrom, Patrick and Herbsleb, James},
 title = {Tesseract: Interactive visual exploration of socio-technical relationships in software development},
 booktitle = {Proceedings of the 31st International Conference on Software Engineering},
 series = {ICSE '09},
 year = {2009},
 isbn = {978-1-4244-3453-4},
 pages = {23--33},
 numpages = {11},
 doi = {10.1109/ICSE.2009.5070505},
 acmid = {1555019},
 publisher = {IEEE Computer Society},
 address = {Washington, DC, USA},
} 

@inproceedings{Servant:2010:CPI,
 author = {Servant, Francisco and Jones, James A. and van der Hoek, Andr{\'e}},
 title = {CASI: preventing indirect conflicts through a live visualization},
 booktitle = {Proceedings of the 2010 ICSE Workshop on Cooperative and Human Aspects of Software Engineering},
 series = {CHASE '10},
 year = {2010},
 isbn = {978-1-60558-966-4},
 location = {Cape Town, South Africa},
 pages = {39--46},
 numpages = {8},
 doi = {10.1145/1833310.1833317},
 acmid = {1833317},
 publisher = {ACM},
 address = {New York, NY, USA},
 keywords = {conflicts, parallel work, software configuration management, software visualization, workspace awareness},
} 