@article{Fluri:2007:CDT,
 author = {Fluri, Beat and Wuersch, Michael and PInzger, Martin and Gall, Harald},
 title = {Change Distilling: Tree Differencing for Fine-Grained Source Code Change Extraction},
 journal = {IEEE Trans. Softw. Eng.},
 issue_date = {November 2007},
 volume = {33},
 number = {11},
 month = nov,
 year = {2007},
 issn = {0098-5589},
 pages = {725--743},
 numpages = {19},
 url = {http://dx.doi.org/10.1109/TSE.2007.70731},
 doi = {10.1109/TSE.2007.70731},
 acmid = {1314081},
 publisher = {IEEE Press},
 address = {Piscataway, NJ, USA},
 keywords = {Source code change extraction, Source code change extraction, tree differencing algorithms, software repositories, software evolution analysis, software evolution analysis, software repositories, tree differencing algorithms},
}

@inproceedings{Fluri:2007:CCC,
 author = {Fluri, Beat and Wursch, Michael and Gall, Harald C.},
 title = {Do Code and Comments Co-Evolve? On the Relation between Source Code and Comment Changes},
 booktitle = {Proceedings of the 14th Working Conference on Reverse Engineering},
 series = {WCRE '07},
 year = {2007},
 isbn = {0-7695-3034-6},
 pages = {70--79},
 numpages = {10},
 url = {http://dx.doi.org/10.1109/WCRE.2007.21},
 doi = {10.1109/WCRE.2007.21},
 acmid = {1339530},
 publisher = {IEEE Computer Society},
 address = {Washington, DC, USA},
} 

@inproceedings{Fluri:2006:CCT,
 author = {Fluri, Beat and Gall, Harald C.},
 title = {Classifying Change Types for Qualifying Change Couplings},
 booktitle = {Proceedings of the 14th IEEE International Conference on Program Comprehension},
 series = {ICPC '06},
 year = {2006},
 isbn = {0-7695-2601-2},
 pages = {35--45},
 numpages = {11},
 url = {http://dx.doi.org/10.1109/ICPC.2006.16},
 doi = {10.1109/ICPC.2006.16},
 acmid = {1136164},
 publisher = {IEEE Computer Society},
 address = {Washington, DC, USA},
} 

@article{Bille2005217,
title = "A survey on tree edit distance and related problems ",
journal = "Theoretical Computer Science ",
volume = "337",
number = "1â€“3",
pages = "217 - 239",
year = "2005",
note = "",
issn = "0304-3975",
doi = "http://dx.doi.org/10.1016/j.tcs.2004.12.030",
url = "http://www.sciencedirect.com/science/article/pii/S0304397505000174",
author = "Philip Bille",
keywords = "Tree matching",
keywords = "Tree edit distance",
keywords = "Tree alignment",
keywords = "Tree inclusion "
}

@article{10.1109/IWPSE.2004.1334771,
author = {Ahmed E. Hassan and Richard C. Holt},
title = {Studying The Evolution of Software Systems Using Evolutionary Code Extractors},
journal ={Principles of Software Evolution, International Workshop on},
volume = {0},
issn = {1550-4077},
year = {2004},
pages = {76-81},
doi = {http://doi.ieeecomputersociety.org/10.1109/IWPSE.2004.1334771},
publisher = {IEEE Computer Society},
address = {Los Alamitos, CA, USA},
}

@inproceedings{Brudaru:2008:LIC:1454247.1454257,
 author = {Brudaru, Irina Ioana and Zeller, Andreas},
 title = {What is the long-term impact of changes?},
 booktitle = {Proceedings of the 2008 international workshop on Recommendation systems for software engineering},
 series = {RSSE '08},
 year = {2008},
 isbn = {978-1-60558-228-3},
 location = {Atlanta, Georgia},
 pages = {30--32},
 numpages = {3},
 url = {http://doi.acm.org/10.1145/1454247.1454257},
 doi = {10.1145/1454247.1454257},
 acmid = {1454257},
 publisher = {ACM},
 address = {New York, NY, USA},
} 

@inproceedings{Ratzinger:2008:RRS:1370750.1370759,
 author = {Ratzinger, Jacek and Sigmund, Thomas and Gall, Harald C.},
 title = {On the relation of refactorings and software defect prediction},
 booktitle = {Proceedings of the 2008 international working conference on Mining software repositories},
 series = {MSR '08},
 year = {2008},
 isbn = {978-1-60558-024-1},
 location = {Leipzig, Germany},
 pages = {35--38},
 numpages = {4},
 url = {http://doi.acm.org/10.1145/1370750.1370759},
 doi = {10.1145/1370750.1370759},
 acmid = {1370759},
 publisher = {ACM},
 address = {New York, NY, USA},
 keywords = {mining, software analysis, software evolution},
} 

@inproceedings{Fluri:2008:DPC:1642931.1643000,
 author = {Fluri, B. and Giger, E. and Gall, H. C.},
 title = {Discovering Patterns of Change Types},
 booktitle = {Proceedings of the 2008 23rd IEEE/ACM International Conference on Automated Software Engineering},
 series = {ASE '08},
 year = {2008},
 isbn = {978-1-4244-2187-9},
 pages = {463--466},
 numpages = {4},
 url = {http://dx.doi.org/10.1109/ASE.2008.74},
 doi = {10.1109/ASE.2008.74},
 acmid = {1643000},
 publisher = {IEEE Computer Society},
 address = {Washington, DC, USA},
 keywords = {software evolution, software change type pattern discovery, semiautomated approach, agglomerative hierarchical clustering, source code change extraction, open-source software system, control flow, exception flow, API},
} 

@article{Rother:2004:GIF:1015706.1015720,
 author = {Rother, Carsten and Kolmogorov, Vladimir and Blake, Andrew},
 title = {"GrabCut": interactive foreground extraction using iterated graph cuts},
 journal = {ACM Trans. Graph.},
 issue_date = {August 2004},
 volume = {23},
 number = {3},
 month = aug,
 year = {2004},
 issn = {0730-0301},
 pages = {309--314},
 numpages = {6},
 url = {http://doi.acm.org/10.1145/1015706.1015720},
 doi = {10.1145/1015706.1015720},
 acmid = {1015720},
 publisher = {ACM},
 address = {New York, NY, USA},
 keywords = {Alpha Matting, Foreground extraction, Graph Cuts, Image Editing, Interactive Image Segmentation},
} 

@inproceedings{Ampatzoglou:2012:MER:2393132.2393152,
 author = {Ampatzoglou, Apostolos and Stamelos, Ioannis and Gkortzis, Antonios and Deligiannis, Ignatios},
 title = {A methodology on extracting reusable software candidate components from open source games},
 booktitle = {Proceeding of the 16th International Academic MindTrek Conference},
 series = {MindTrek '12},
 year = {2012},
 isbn = {978-1-4503-1637-8},
 location = {Tampere, Finland},
 pages = {93--100},
 numpages = {8},
 url = {http://doi.acm.org/10.1145/2393132.2393152},
 doi = {10.1145/2393132.2393152},
 acmid = {2393152},
 publisher = {ACM},
 address = {New York, NY, USA},
 keywords = {case study, class dependencies, component selection, metrics},
} 