@article{Cleland-HuangDDC09,
  author    = {Jane Cleland-Huang and
               Horatiu Dumitru and
               Chuan Duan and
               Carlos Castro-Herrera},
  title     = {Automated support for managing feature requests in open
               forums},
  journal   = {Commun. ACM},
  volume    = {52},
  number    = {10},
  year      = {2009},
  pages     = {68-74},
  ee        = {http://doi.acm.org/10.1145/1562764.1562784},
  bibsource = {DBLP, http://dblp.uni-trier.de}
}

@article{HaririCMCM13,
  author    = {Negar Hariri and
               Carlos Castro-Herrera and
               Mehdi Mirakhorli and
               Jane Cleland-Huang and
               Bamshad Mobasher},
  title     = {Supporting Domain Analysis through Mining and Recommending
               Features from Online Product Listings},
  journal   = {IEEE Trans. Software Eng.},
  volume    = {39},
  number    = {12},
  year      = {2013},
  pages     = {1736-1752},
  ee        = {http://doi.ieeecomputersociety.org/10.1109/TSE.2013.39},
  bibsource = {DBLP, http://dblp.uni-trier.de}
}

@proceedings{Taylor,
  editor    = {Richard N. Taylor and
               Harald Gall and
               Nenad Medvidovic},
  title     = {Proceedings of the 33rd International Conference on Software
               Engineering, ICSE 2011, Waikiki, Honolulu , HI, USA, May
               21-28, 2011},
  booktitle = {ICSE},
  publisher = {ACM},
  year      = {2011},
  isbn      = {978-1-4503-0445-0},
  bibsource = {DBLP, http://dblp.uni-trier.de}
}

@proceedings{Shin,
  editor    = {Sung Y. Shin and
               Sascha Ossowski},
  title     = {Proceedings of the 2009 ACM Symposium on Applied Computing
               (SAC), Honolulu, Hawaii, USA, March 9-12, 2009},
  booktitle = {SAC},
  publisher = {ACM},
  year      = {2009},
  isbn      = {978-1-60558-166-8},
  bibsource = {DBLP, http://dblp.uni-trier.de}
}

@proceedings{2008,
  title     = {16th IEEE International Requirements Engineering Conference,
               RE 2008, 8-12 September 2008, Barcelona, Catalunya, Spain},
  booktitle = {RE},
  publisher = {IEEE Computer Society},
  year      = {2008},
  bibsource = {DBLP, http://dblp.uni-trier.de}
}

@inproceedings{Wanner:2011:FEU,
 author = {Wanner, Franz and Ramm, Thomas and Keim, Daniel A.},
 title = {ForAVis: Explorative User Forum Analysis},
 booktitle = {Proceedings of the International Conference on Web Intelligence, Mining and Semantics},
 series = {WIMS '11},
 year = {2011},
 isbn = {978-1-4503-0148-0},
 location = {Sogndal, Norway},
 pages = {14:1--14:10},
 articleno = {14},
 numpages = {10},
 url = {http://doi.acm.org/10.1145/1988688.1988705},
 doi = {10.1145/1988688.1988705},
 acmid = {1988705},
 publisher = {ACM},
 address = {New York, NY, USA},
 keywords = {application, forum analysis, forum visualization, social media analysis, user generated content, visual analytics},
} 

@inproceedings{Gottipati:2011:FRA,
 author = {Gottipati, Swapna and Lo, David and Jing Jiang},
 title = {Finding Relevant Answers in Software Forums},
 booktitle = {Proceedings of the 2011 26th IEEE/ACM International Conference on Automated Software Engineering},
 series = {ASE '11},
 year = {2011},
 isbn = {978-1-4577-1638-6},
 pages = {323--332},
 numpages = {10},
 url = {http://dx.doi.org/10.1109/ASE.2011.6100069},
 doi = {10.1109/ASE.2011.6100069},
 acmid = {2190188},
 publisher = {IEEE Computer Society},
 address = {Washington, DC, USA},
} 

@inproceedings{Noll:2010:REO,
 author = {Noll, John and Liu, Wei-Ming},
 title = {Requirements Elicitation in Open Source Software Development: A Case Study},
 booktitle = {Proceedings of the 3rd International Workshop on Emerging Trends in Free/Libre/Open Source Software Research and Development},
 series = {FLOSS '10},
 year = {2010},
 isbn = {978-1-60558-978-7},
 location = {Cape Town, South Africa},
 pages = {35--40},
 numpages = {6},
 url = {http://doi.acm.org/10.1145/1833272.1833279},
 doi = {10.1145/1833272.1833279},
 acmid = {1833279},
 publisher = {ACM},
 address = {New York, NY, USA},
 keywords = {electronic health record, electronic medical record, open source software, software requirements},
} 

@INPROCEEDINGS{Boutkova, 
author={Boutkova, E. and Houdek, F.}, 
booktitle={Requirements Engineering Conference (RE), 2011 19th IEEE International}, 
title={Semi-automatic identification of features in requirement specifications}, 
year={2011}, 
month={Aug}, 
pages={313-318}, 
keywords={formal specification;mechanical engineering computing;natural language processing;Daimler passenger car development;automotive specifications;feature modelling;feature semi-automatic identification;lexical analysis;natural language specifications;new product specification;requirement reusability;requirement specifications;time spent reduction;Context;Dictionaries;Feature extraction;Manuals;Materials;Sun;Vehicles;automotive;feature identification;requirements management;specifications;variability management}, 
doi={10.1109/RE.2011.6051627}, 
ISSN={1090-705X},}

@inproceedings{Ruggles:2005:OCB,
 author = {Ruggles, Christopher and Wadley, Greg and Gibbs, Martin R.},
 title = {Online Community Building Techniques Used by Video Game Developers},
 booktitle = {Proceedings of the 4th International Conference on Entertainment Computing},
 series = {ICEC'05},
 year = {2005},
 isbn = {3-540-29034-6, 978-3-540-29034-6},
 location = {Sanda, Japan},
 pages = {114--125},
 numpages = {12},
 url = {http://dx.doi.org/10.1007/11558651_12},
 doi = {10.1007/11558651_12},
 acmid = {2101015},
 publisher = {Springer-Verlag},
 address = {Berlin, Heidelberg},
} 

@article{gwet2001handbook,
  title={Handbook of inter-rater reliability},
  author={Gwet, Kilem},
  journal={Gaithersburg, MD: STATAXIS Publishing Company},
  pages={223--246},
  year={2001}
}

@article{Collobert:2011:NLP,
 author = {Collobert, Ronan and Weston, Jason and Bottou, L{\'e}on and Karlen, Michael and Kavukcuoglu, Koray and Kuksa, Pavel},
 title = {Natural Language Processing (Almost) from Scratch},
 journal = {J. Mach. Learn. Res.},
 issue_date = {2/1/2011},
 volume = {12},
 month = nov,
 year = {2011},
 issn = {1532-4435},
 pages = {2493--2537},
 numpages = {45},
 url = {http://dl.acm.org/citation.cfm?id=1953048.2078186},
 acmid = {2078186},
 publisher = {JMLR.org},
} 

@inproceedings{Leung:2007:NLP,
 author = {Leung, Chi-Hong and Chan, Yuen-Yan},
 title = {A Natural Language Processing Approach to Automatic Plagiarism Detection},
 booktitle = {Proceedings of the 8th ACM SIGITE Conference on Information Technology Education},
 series = {SIGITE '07},
 year = {2007},
 isbn = {978-1-59593-920-3},
 location = {Destin, Florida, USA},
 pages = {213--218},
 numpages = {6},
 url = {http://doi.acm.org/10.1145/1324302.1324348},
 doi = {10.1145/1324302.1324348},
 acmid = {1324348},
 publisher = {ACM},
 address = {New York, NY, USA},
 keywords = {natural language process, plagiarism detection, syntactic and semantic analysis},
} 

@inproceedings{Ambriola:1997:PNL,
 author = {Ambriola, V. and Gervasi, V.},
 title = {Processing Natural Language Requirements},
 booktitle = {Proceedings of the 12th International Conference on Automated Software Engineering (Formerly: KBSE)},
 series = {ASE '97},
 year = {1997},
 isbn = {0-8186-7961-1},
 pages = {36--},
 url = {http://dl.acm.org/citation.cfm?id=786767.786786},
 acmid = {786786},
 publisher = {IEEE Computer Society},
 address = {Washington, DC, USA},
 keywords = {Circe, Web-based environment, functional metric reports, natural language recognition, natural language requirements, natural language requirements processing, natural language texts, natural languages, requirement analysis, selection, software project, validation},
} 

@inproceedings{Castro-Herrera:2009:RSD,
 author = {Castro-Herrera, Carlos and Cleland-Huang, Jane and Mobasher, Bamshad},
 title = {A Recommender System for Dynamically Evolving Online Forums},
 booktitle = {Proceedings of the Third ACM Conference on Recommender Systems},
 series = {RecSys '09},
 year = {2009},
 isbn = {978-1-60558-435-5},
 location = {New York, New York, USA},
 pages = {213--216},
 numpages = {4},
 url = {http://doi.acm.org/10.1145/1639714.1639751},
 doi = {10.1145/1639714.1639751},
 acmid = {1639751},
 publisher = {ACM},
 address = {New York, NY, USA},
 keywords = {clustering, collaborative recommender systems, online forums, posts, requirements elicitation, threads},
} 

@inproceedings{hindle,
  author    = {Abram Hindle and
               Christian Bird and
               Thomas Zimmermann and
               Nachiappan Nagappan},
  title     = {Relating requirements to implementation via topic analysis:
               Do topics extracted from requirements make sense to managers
               and developers?},
  booktitle = {ICSM},
  year      = {2012},
  pages     = {243-252},
  ee        = {http://doi.ieeecomputersociety.org/10.1109/ICSM.2012.6405278},
  crossref  = {DBLP:conf/icsm/2012},
  bibsource = {DBLP, http://dblp.uni-trier.de}
}

@article{shieber1985eac,
  added-at = {2012-10-17T12:28:36.000+0200},
  author = {Shieber, S.M.},
  biburl = {http://www.bibsonomy.org/bibtex/222c2099dfbc30d2d02b9dbe33e54b73d/jil},
  interhash = {8541e867ebdc077267a179d52770f369},
  intrahash = {22c2099dfbc30d2d02b9dbe33e54b73d},
  journal = {Linguistics and Philosophy},
  keywords = {context-free deutsch language natural nlp proof schweizer swiss-german},
  number = 3,
  pages = {333--343},
  publisher = {Springer},
  timestamp = {2012-10-17T12:28:36.000+0200},
  title = {{Evidence against the context-freeness of natural language}},
  url = {http://www.eecs.harvard.edu/shieber/Biblio/Papers/shieber85.pdf},
  volume = 8,
  year = 1985
}
